@inbook{Dependability,
  author    = "Ian Sommerville", 
  title     = "Software Engineering",
  edition   = "Ninth",
  publisher = "Pearson Education, Inc.", 
  year      = "2010",
  chapter   = "13 - Dependability engineering"
}

@article{PDFResearch,
  author    = "Anssi Nurminen", 
  title     = "Algorithmic Extraction of Data in Tables in PDF Documents", 
  journal   = "Tampere University of Technology", 
  year      = "2013"
}

@inbook{Refactoring,
  author    = "Martin Fowler ", 
  title     = "Refactoring: Improving the Design of Existing Code",
  edition   = "First",
  publisher = "Addison Wesley Longman", 
  year      = "1998",
  chapter   = "2 - Principles in Refactoring" 
}

@inbook{Requirements,
  author    = "Ian Sommerville", 
  title     = "Software Engineering",
  edition   = "Ninth",
  publisher = "Pearson Education, Inc.", 
  year      = "2010",
  chapter   = "4 - Requirements Engineering"
}

@misc{CI,
  key = {Continuous Integration},
  author = "Martin Fowler",
  title = "Continuous Integration",
  howpublished = {\url{http://www.martinfowler.com/articles/continuousIntegration.html}},
  note = "Accessed: 26-03-2016"
}

@inbook{Design-considerations,
  author    = "Mahdi Derakhshanmanesh", 
  title     = "Model-Integrating Software Components",
  edition   = "2015",
  publisher = "Springer Vieweg", 
  year      = "2015",
  chapter   = "3 - Initial Design Considerations"
}

@inbook{ProjectPlanning,
  author    = "Ian Sommerville", 
  title     = "Software Engineering",
  edition   = "Ninth",
  publisher = "Pearson Education, Inc.", 
  year      = "2010",
  chapter   = "23 - Project planning"
}

@inbook{Basic-Tools,
  author    = "Andy Hunt et al.", 
  title     = "The Pragmatic Programmer",
  publisher = "Addison Wesley", 
  year      = "1999",
  chapter   = "3 - The Basic Tools"
}

@inbook{Refactoring-Java-Book,
  author    = "Martin Fowler", 
  title     = "Refactoring: Improving the Design of Existing Code",
  publisher = "Addison Wesley", 
  year      = "1999",
  chapter   = "6 - Composing Methods"
}

@inbook{Memory-Management,
  author    = "Sun Microsystems",
  title     = "Memory Management in the Java
  HotSpot Virtual Machine",
  publisher = "Sun Microsystems Inc.",
  year      = "2006",
  chapter   = "2-7"
}

@inbook{JUnit-In-Action,
  author    = "Petar Tahchiev et al.",
  title     = "JUnit in Action",
  publisher = "Manning Publications",
  edition   = "second",
  year      = "2010",
  chapter   = "4-19"
}

@inbook{Effective-Testing,
  author    = "Lasse Koskela",
  title     = "Effective Unit Testing",
  publisher = "Manning Publications",
  year      = "2013",
  chapter   = "1 - 9"
}

@article{Hints-On-Test,
  author    = "Richard A. DeMillo et al.", 
  title     = "Hints on Test Data Selection: Help for the Practicing Programmer", 
  journal   = "IEEE Computer ", 
  volume    = "11",
  number    = "4",
  year      = "1978",
  pages     = "34-41"
}

@inbook{Software-Management,
  author    = "Capers Jones", 
  title     = "Software Project Management Practices: Failure Versus Success", 
  publisher   = "Software Productivity Research LLC", 
  year      = "2004",
  pages     = "1-8"
}

@inbook{Requirements-Gathering,
  author    = "Martin Maguire et al.", 
  title     = "User requirements analysis", 
  publisher = "Kluwer Academic Publishers",
  year      = "2002",
  pages     = "133-148"
}

@inbook{SVN,
  author    = "Joanne Carr",
  title     = "Subversion Workflow Guide",
  publisher = "Collaborative Computational Projects",
  year      = "2010",
  chapter   = "1-9"
}

@inbook{Documentation,
  author    = "Ian Sommerville",
  title     = "Software Documentation",
  publisher = "Addison Wesley",
  year      = "2001",
  chapter   = "Complete reference"
}

@article{Team_Dynamic,
  author    = "Shuib Basri et al.", 
  title     = "The Impact of Software Development Team Dynamics on the Knowledge Management Process", 
  journal   = "SEKE",
  year      = "2011",
  pages     = "1-4"
}
